@article{e5a1bb8f-41b7-35c6-95cd-8b366d3e99bc,
 ISSN = {00221082, 15406261},
 URL = {http://www.jstor.org/stable/2975974},
 author = {Harry Markowitz},
 journal = {The Journal of Finance},
 number = {1},
 pages = {77--91},
 publisher = {[American Finance Association, Wiley]},
 title = {Portfolio Selection},
 urldate = {2025-01-13},
 volume = {7},
 year = {1952}
}

@article{zhang2020deep,
  title={Deep learning for portfolio optimization},
  author={Zhang, Zihao and Zohren, Stefan and Roberts, Stephen},
  journal={arXiv preprint arXiv:2005.13665},
  year={2020}
}

@article{lstmpaper,
author = {Hochreiter, Sepp and Schmidhuber, J\"{u}rgen},
title = {Long Short-Term Memory},
year = {1997},
publisher = {MIT Press},
volume = {9},
number = {8},
issn = {0899-7667},
url = {https://doi.org/10.1162/neco.1997.9.8.1735},
journal = {Neural Comput.},
month = nov,
pages = {1735â€“1780},
numpages = {46}
}

@misc{grupaper,
      title={Empirical Evaluation of Gated Recurrent Neural Networks on Sequence Modeling}, 
      author={Junyoung Chung and Caglar Gulcehre and KyungHyun Cho and Yoshua Bengio},
      year={2014},
      eprint={1412.3555},
      archivePrefix={arXiv},
      primaryClass={cs.NE},
      url={https://arxiv.org/abs/1412.3555}, 
}

@inproceedings{rnnpaper,
  title={Learning internal representations by error propagation},
  author={David E. Rumelhart and Geoffrey E. Hinton and Ronald J. Williams},
  year={1986},
  url={https://api.semanticscholar.org/CorpusID:62245742}
}


@article{Bouchaud_2001,
   title={Leverage Effect in Financial Markets: The Retarded Volatility Model},
   volume={87},
   ISSN={1079-7114},
   url={http://dx.doi.org/10.1103/PhysRevLett.87.228701},
   DOI={10.1103/physrevlett.87.228701},
   number={22},
   journal={Physical Review Letters},
   publisher={American Physical Society (APS)},
   author={Bouchaud, Jean-Philippe and Matacz, Andrew and Potters, Marc},
   year={2001},
   month=nov }
